<?xml version="1.0" encoding="UTF-8"?><collection xmlns="http://www.loc.gov/MARC21/slim"><record><leader>00439nam--2200157-i-4500</leader><controlfield tag="001">000042992</controlfield><controlfield tag="002">20161230</controlfield><controlfield tag="005">20161230201043</controlfield><controlfield tag="008">060222s1000------------r-----000-0-eng-d</controlfield><datafield ind1=" " ind2=" " tag="080"><subfield code="a">517.54</subfield></datafield><datafield ind1="1" ind2=" " tag="100"><subfield code="a">Stoilov,S</subfield></datafield><datafield ind1="1" ind2="0" tag="245"><subfield code="a">Teoria functiilor de variabila complexa</subfield></datafield><datafield ind1=" " ind2=" " tag="260"><subfield code="a">Bucuresti, Univ.C.I.Parhon, 1952-1953. 232 P.Lito</subfield></datafield><datafield ind1=" " ind2=" " tag="490"><subfield code="a">Fac.De Matematici Si Fizica</subfield></datafield><datafield ind1=" " ind2=" " tag="852"><subfield code="a">4373</subfield><subfield code="c">517.53 5117.55</subfield></datafield><datafield ind1=" " ind2=" " tag="CAT"><subfield code="a">Sys</subfield><subfield code="c">20080818</subfield><subfield code="h">091135</subfield></datafield></record></collection>